
}

@INPROCEEDINGS{ieee_sensors,
  author={Baumgärtner, Jan and Bertschinger, Bernd and Hoffmann, Kathrin and Puchta, Alexander and Sawodny, Oliver and Reichelt, Stephan and Fleischer, Jürgen},
  booktitle={2023 IEEE SENSORS},
  title={Camera Placement Optimization for a Novel Modular Robot Tracking System},
  year={2023},
  volume={},
  number={},
  pages={1-4},
  keywords={Tracking;Heuristic algorithms;Scalability;Robot vision systems;Optimization methods;Cameras;Sensor systems;robotics;optical sensors;sensor networks;camera placement;optimization},
  doi={10.1109/SENSORS56945.2023.10324941}}

@article{pybullet_industrial,
doi = {10.21105/joss.05174},
url = {https://doi.org/10.21105/joss.05174},
year = {2023},
publisher = {The Open Journal},
volume = {8},
number = {85},
pages = {5174},
author = {Jan Baumgärtner and Malte Hansjosten and Dominik Schönhofen and Prof. Dr.-Ing. Jürgen Fleischer},
title = {PyBullet Industrial: A process-aware robot simulation},
journal = {Journal of Open Source Software} }